<record><leader>00000cas a22000007a 4500</leader><controlfield tag="001">17688810</controlfield><controlfield tag="008">880328c19139999lauwr ne      0    0eng d</controlfield><datafield ind1=" " ind2=" " tag="010"><subfield code="a">sn 88064277 </subfield></datafield><datafield ind1=" " ind2=" " tag="040"><subfield code="a">LNP</subfield><subfield code="b">eng</subfield><subfield code="c">LNP</subfield><subfield code="d">OCLCQ</subfield><subfield code="d">OCLCF</subfield><subfield code="d">OCLCO</subfield></datafield><datafield ind1=" " ind2=" " tag="042"><subfield code="a">msc</subfield></datafield><datafield ind1=" " ind2=" " tag="043"><subfield code="a">n-us-la</subfield></datafield><datafield ind1="0" ind2=" " tag="130"><subfield code="a">Oakdale journal (Oakdale, La.)</subfield></datafield><datafield ind1="1" ind2="4" tag="245"><subfield code="a">The Oakdale journal.</subfield></datafield><datafield ind1="3" ind2="0" tag="246"><subfield code="a">Sentinel</subfield></datafield><datafield ind1="1" ind2="3" tag="246"><subfield code="a">Oakdale journal and the Kinder progress</subfield></datafield><datafield ind1=" " ind2=" " tag="260"><subfield code="a">Oakdale, Allen Parish, La. :</subfield><subfield code="b">J.C. Williams</subfield></datafield><datafield ind1=" " ind2=" " tag="310"><subfield code="a">Weekly</subfield></datafield><datafield ind1="1" ind2=" " tag="362"><subfield code="a">Began in 1913.</subfield></datafield><datafield ind1=" " ind2=" " tag="500"><subfield code="a">Title varies: The Oakdale journal and the Kinder progress, Mar. 9, 1961-Dec. 28, 1961.</subfield></datafield><datafield ind1=" " ind2=" " tag="500"><subfield code="a">Title of second section varies: Sentinel, &lt;Feb. 12, 1976&gt;-Aug. 25, 1977.</subfield></datafield><datafield ind1=" " ind2=" " tag="588"><subfield code="a">Description based on: Vol. 2, no. 2 (Aug. 6, 1914).</subfield></datafield><datafield ind1=" " ind2="0" tag="651"><subfield code="a">Oakdale (La.)</subfield><subfield code="v">Newspapers.</subfield></datafield><datafield ind1=" " ind2="7" tag="655"><subfield code="a">Newspapers.</subfield><subfield code="2">fast</subfield><subfield code="0">(OCoLC)fst01423814</subfield></datafield><datafield ind1=" " ind2="7" tag="651"><subfield code="a">Louisiana</subfield><subfield code="z">Oakdale.</subfield><subfield code="2">fast</subfield><subfield code="0">(OCoLC)fst01218807</subfield></datafield><datafield ind1=" " ind2=" " tag="752"><subfield code="a">United States</subfield><subfield code="b">Louisiana</subfield><subfield code="c">Allen</subfield><subfield code="d">Oakdale.</subfield></datafield><datafield ind1="0" ind2="5" tag="780"><subfield code="t">Oakdale American</subfield><subfield code="g">Apr. 15, 1938</subfield><subfield code="w">(DLC)sn 88064673</subfield></datafield><datafield ind1="0" ind2="5" tag="780"><subfield code="t">Allen Parish news</subfield><subfield code="g">Aug. 5, 1952</subfield></datafield><datafield ind1="0" ind2="5" tag="780"><subfield code="t">Allen Parish review</subfield></datafield><datafield ind1="0" ind2="5" tag="780"><subfield code="t">Kinder progress</subfield><subfield code="g">Mar. 9, 1961</subfield><subfield code="w">(DLC)sn 88064235</subfield></datafield></record>